@manual{aleph2007,
    title={The Aleph Manual},
    author={Ashwin Srinivasan},
    note={Version 4 and above},
    url={http://www.cs.ox.ac.uk/activities/machlearn/Aleph/aleph.html},
    year={2007}
}

@book{nienhuys1997foundations,
  title={Foundations of inductive logic programming},
  author={Nienhuys-Cheng, Shan-Hwei and De Wolf, Ronald},
  volume={1228},
  year={1997},
  publisher={Springer}
}
    
@incollection{clark1978negation,
  title={Negation as failure},
  author={Clark, Keith L},
  booktitle={Logic and data bases},
  pages={293--322},
  year={1978},
  publisher={Springer}
}
    
@inproceedings{corapi2010inductive,
  title={Inductive Logic Programming as Abductive Search.},
  author={Corapi, Domenico and Russo, Alessandra and Lupu, Emil},
  booktitle={ICLP (Technical Communications)},
  pages={54--63},
  year={2010}
}    

@incollection{inoue2012dnf,
  title={DNF hypotheses in explanatory induction},
  author={Inoue, Katsumi},
  booktitle={Inductive Logic Programming},
  pages={173--188},
  year={2012},
  publisher={Springer}
}}

@book{li2009introduction,
  title={An introduction to Kolmogorov complexity and its applications},
  author={Li, Ming and Vit{\'a}nyi, Paul MB},
  year={2009},
  publisher={Springer}
}

@book{keuth2013karl,
  title={Karl Popper: Logik der Forschung},
  author={Keuth, Herbert},
  volume={12},
  year={2013},
  publisher={Walter de Gruyter}
}
    
@mastersthesis{lin2009efficient,
    title={Efficient, Complete and Declarative Search in Inductive Logic Programming},
    author={Dianhuan Lin},
    year={2009},
    school={Imperial College London}
}
    
@book{lloyd1987foundations,
  title={Foundations of Logic Programming},
  author={Lloyd, J},
  year={1987},
  publisher={Berlin: Springer-Verlag}
}  

@book{hume1902enquiries,
  title={Enquiries Concerning the Human Understanding: And Concerning the Principles of Morals},
  author={Hume, David},
  year={1902},
  publisher={Clarendon Press}
}

@book{stove1986rationality,
  title={The rationality of induction},
  author={Stove, David Charles and Stove},
  year={1986},
  publisher={Cambridge Univ Press}
}
    
@incollection{kimber2009induction,
  title={Induction on failure: learning connected Horn theories},
  author={Kimber, Tim and Broda, Krysia and Russo, Alessandra},
  booktitle={Logic Programming and Nonmonotonic Reasoning},
  pages={169--181},
  year={2009},
  publisher={Springer}
}
    
@phdthesis{kimber2012learning,
  title={Learning definite and normal logic programs by induction on failure},
  author={Kimber, Timothy},
  year={2012},
  school={Imperial College London}
}
    
@book{marker2002model,
  title={Model theory},
  author={Marker, David},
  year={2002},
  publisher={Springer}
}

@article{mitchell1997machine,
  title={Machine learning. 1997},
  author={Mitchell, Tom M},
  journal={Burr Ridge, IL: McGraw Hill},
  volume={45},
  year={1997}
}

@article{muggleton1994inductive,
  title={Inductive logic programming: Theory and methods},
  author={Muggleton, Stephen and De Raedt, Luc},
  journal={The Journal of Logic Programming},
  volume={19},
  pages={629--679},
  year={1994},
  publisher={Elsevier}
}
    
@article{muggleton1995inverse,
  title={Inverse entailment and Progol},
  author={Muggleton, Stephen},
  journal={New generation computing},
  volume={13},
  number={3-4},
  pages={245--286},
  year={1995},
  publisher={Springer}
}
    
@incollection{muggleton2008toplog,
  title={Toplog: ILP using a logic program declarative bias},
  author={Muggleton, Stephen H and Santos, Jos{\'e} Carlos Almeida and Tamaddoni-Nezhad, Alireza},
  booktitle={Logic Programming},
  pages={687--692},
  year={2008},
  publisher={Springer}
}    
    
@article{muggleton2014meta,
  title={Meta-interpretive learning: application to grammatical inference},
  author={Muggleton, Stephen H and Lin, Dianhuan and Pahlavi, Niels and Tamaddoni-Nezhad, Alireza},
  journal={Machine Learning},
  volume={94},
  number={1},
  pages={25--49},
  year={2014},
  publisher={Springer}
}

@incollection{muggleton2012mc,
  title={MC-Toplog: Complete multi-clause learning guided by a top theory},
  author={Muggleton, Stephen H and Lin, Dianhuan and Tamaddoni-Nezhad, Alireza},
  booktitle={Inductive Logic Programming},
  pages={238--254},
  year={2012},
  publisher={Springer}
}

@book{peirce1935collected,
  title={Collected papers of charles sanders peirce},
  author={Peirce, Charles Sanders and Hartshorne, Charles and Weiss, Paul},
  volume={2},
  year={1935},
  publisher={Harvard University Press}
}
    
@book{royden1988real,
  title={Real analysis},
  author={Royden, Halsey Lawrence and Fitzpatrick, Patrick and Hall, Prentice},
  volume={4},
  year={1988},
  publisher={Prentice Hall New York}
}

@unpublished{sawin2013computable,
    title={Computable probability distributions which converge on $\Pi_1$ will disbelieve true $\Pi_2$},
    author={Sawin, Will and Demski, Abram},
    note={Machine Intelligence Research Institute},
    year={2013}
}

@InCollection{sep-logic-nonmonotonic,
	author       =	{Antonelli, G. Aldo},
	title        =	{Non-monotonic Logic},
	booktitle    =	{The Stanford Encyclopedia of Philosophy},
	editor       =	{Edward N. Zalta},
	howpublished =	{\url{http://plato.stanford.edu/archives/win2012/entries/logic-nonmonotonic/}},
	year         =	{2012},
	edition      =	{Winter 2012},
}

@InCollection{sep-aristotle-logic,
	author       =	{Smith, Robin},
	title        =	{Aristotle's Logic},
	booktitle    =	{The Stanford Encyclopedia of Philosophy},
	editor       =	{Edward N. Zalta},
	howpublished =	{\url{http://plato.stanford.edu/archives/spr2014/entries/aristotle-logic/}},
	year         =	{2014},
	edition      =	{Spring 2014},
}

@book{selby1888treatise,
  title={A Treatise of Human Nature by David Hume},
  author={Selby-Bigge, Lewis Amherst and David, Hume},
  year={1888},
  publisher={Рипол Классик}
}

@misc{sergot2005knowledgeRepresentationLectureNotes,
    title={Knowledge representation, lecture notes, Imperial College London},
    year={2005},
    author={Sergot, Marek},
    url={https://www.doc.ic.ac.uk/~mjs/teaching/KnowledgeRep491/}
}

@article{goodman1965new,
  title={The new riddle of induction},
  author={Goodman, Nelson},
  year={1965}
}

@misc{wolframMathworldMeasure,
    title={Measure},
    author={Cortzen, Allan and Weisstein, Eric W},
    year={2014},
    note={MathWorld--A Wolfram Web Resource},
    url={http://mathworld.wolfram.com/Measure.html}
}    
    
@incollection{yamamoto2012comparison,
  title={Comparison of upward and downward generalizations in CF-induction},
  author={Yamamoto, Yoshitaka and Inoue, Katsumi and Iwanuma, Koji},
  booktitle={Inductive Logic Programming},
  pages={373--388},
  year={2012},
  publisher={Springer}
}

@article{yamamoto2012inverse,
  title={Inverse subsumption for complete explanatory induction},
  author={Yamamoto, Yoshitaka and Inoue, Katsumi and Iwanuma, Koji},
  journal={Machine learning},
  volume={86},
  number={1},
  pages={115--139},
  year={2012},
  publisher={Springer}
}

@incollection{yamamoto2008towards,
  title={Towards a logical reconstruction of CF-induction},
  author={Yamamoto, Yoshitaka and Ray, Oliver and Inoue, Katsumi},
  booktitle={New Frontiers in Artificial Intelligence},
  pages={330--343},
  year={2008},
  publisher={Springer}
}
